@ARTICLE{simon,
  author={Simon, D. and Tien Li Chia},
  journal={IEEE Transactions on Aerospace and Electronic Systems}, 
  title={Kalman filtering with state equality constraints}, 
  year={2002},
  volume={38},
  number={1},
  pages={128-136},
  doi={10.1109/7.993234}
}

@online{ekf_poor,
	title        = {Extended Kalman Filter implementation},
	organization = {ThePoorEnginner},
	url          = {https://thepoorengineer.com/en/ekf-impl/},
	urldate  = {2023-10-16}
}

@article{dcm,
author = {Premerlani, William and Bizard, Paul},
year = {2009},
month = {01},
pages = {},
title = {Direction Cosine Matrix IMU: Theory},
journal = {DIY DRONE: USA}
}

@Article{complementary,
AUTHOR = {Narkhede, Parag and Poddar, Shashi and Walambe, Rahee and Ghinea, George and Kotecha, Ketan},
TITLE = {Cascaded Complementary Filter Architecture for Sensor Fusion in Attitude Estimation},
JOURNAL = {Sensors},
VOLUME = {21},
YEAR = {2021},
NUMBER = {6},
ARTICLE-NUMBER = {1937},
URL = {https://www.mdpi.com/1424-8220/21/6/1937},
PubMedID = {33801865},
ISSN = {1424-8220},
DOI = {10.3390/s21061937}
}


@Article{s16020264,
AUTHOR = {Zhang, Shengzhi and Yu, Shuai and Liu, Chaojun and Yuan, Xuebing and Liu, Sheng},
TITLE = {A Dual-Linear Kalman Filter for Real-Time Orientation Determination System Using Low-Cost MEMS Sensors},
JOURNAL = {Sensors},
VOLUME = {16},
YEAR = {2016},
NUMBER = {2},
ARTICLE-NUMBER = {264},
URL = {https://www.mdpi.com/1424-8220/16/2/264},
PubMedID = {26907294},
ISSN = {1424-8220},
DOI = {10.3390/s16020264}
}


@Article{s120709566,
AUTHOR = {De Marina, Héctor García and Espinosa, Felipe and Santos, Carlos},
TITLE = {Adaptive UAV Attitude Estimation Employing Unscented Kalman Filter, FOAM and Low-Cost MEMS Sensors},
JOURNAL = {Sensors},
VOLUME = {12},
YEAR = {2012},
NUMBER = {7},
PAGES = {9566--9585},
URL = {https://www.mdpi.com/1424-8220/12/7/9566},
PubMedID = {23012559},
ISSN = {1424-8220},
DOI = {10.3390/s120709566}
}

@Article{Norman2013,
author={Norman, Andrew R.
and Sch{\"o}nberg, Alexander
and Gorlach, Igor A.
and Schmitt, Robert},
title={Validation of iGPS as an external measurement system for cooperative robot positioning},
journal={The International Journal of Advanced Manufacturing Technology},
year={2013},
month={01},
day={01},
volume={64},
number={1},
pages={427-446},
issn={1433-3015},
doi={10.1007/s00170-012-4004-8},
url={https://doi.org/10.1007/s00170-012-4004-8}
}

@article{igps,
author = {Depenthal, Claudia and Schwendemann, Julia},
year = {2009},
month = {01},
pages = {},
title = {iGPS - a New System for Static and Kinematic Measurements},
journal = {9th Conference on Optical 3D Measurement Techniques}
}


@article{article,
author = {Madgwick, Sebastian},
pages = {},
title = {An efficient orientation filter for inertial and inertial/magnetic sensor arrays}
}

@Article{Hasan2020,
author={Hasan, Md. Abid
and Rahman, Md. Hafizur},
title={Smart Phone Based Sensor Fusion by Using Madgwick Filter for 3D Indoor Navigation},
journal={Wireless Personal Communications},
year={2020},
month={01},
day={01},
volume={113},
number={4},
pages={2499-2517},
issn={1572-834X},
doi={10.1007/s11277-020-07338-7},
url={https://doi.org/10.1007/s11277-020-07338-7}
}


@article{accelerometer_mobile,
author = {Liu, Hugh and Pang, Grantham},
year = {2001},
month = {06},
pages = {812 - 819},
title = {Accelerometer for mobile robot positioning},
volume = {37},
journal = {Industry Applications, IEEE Transactions on},
doi = {10.1109/28.924763}
}